@TechReport{•,
author = {Emad Ghosheh, Sue Black, Jihad Qaddour},
title = {Design metrics for web application maintainability 
measurement},
institution = {University of WestMinster},
year = {2008},
OPTkey = {•},
OPTtype = {•},
OPTnumber = {•},
OPTaddress = {•},
OPTmonth = {•},
OPTnote = {•},
OPTannote = {•}
}
